<record><leader>00000cas a2200000 a 4500</leader><controlfield tag="001">17769753</controlfield><controlfield tag="008">880411d18771902miuwr ne      0    0eng c</controlfield><datafield ind1=" " ind2=" " tag="010"><subfield code="a">sn 88086132 </subfield></datafield><datafield ind1=" " ind2=" " tag="040"><subfield code="a">NPV</subfield><subfield code="b">eng</subfield><subfield code="c">NPV</subfield><subfield code="d">YOX</subfield><subfield code="d">CNK</subfield><subfield code="d">MHN</subfield><subfield code="d">OCL</subfield><subfield code="d">ATL</subfield><subfield code="d">MHN</subfield><subfield code="d">KRTAS</subfield><subfield code="d">OCLCQ</subfield><subfield code="d">OCLCF</subfield><subfield code="d">OCLCO</subfield></datafield><datafield ind1=" " ind2=" " tag="019"><subfield code="a">11435285</subfield></datafield><datafield ind1="1" ind2=" " tag="029"><subfield code="a">AU@</subfield><subfield code="b">000005862620</subfield></datafield><datafield ind1=" " ind2=" " tag="042"><subfield code="a">pcc</subfield></datafield><datafield ind1=" " ind2=" " tag="043"><subfield code="a">n-us-mi</subfield></datafield><datafield ind1=" " ind2="4" tag="050"><subfield code="a">BX6201</subfield></datafield><datafield ind1="0" ind2=" " tag="130"><subfield code="a">Christian herald (Detroit, Mich. : 1877)</subfield></datafield><datafield ind1="1" ind2="4" tag="245"><subfield code="a">The Christian herald.</subfield></datafield><datafield ind1="1" ind2="7" tag="246"><subfield code="a">Michigan Christian herald</subfield><subfield code="f">1877-1885</subfield></datafield><datafield ind1="1" ind2="7" tag="246"><subfield code="a">Christian herald of Michigan</subfield><subfield code="f">1886-Dec. 13, 1888</subfield></datafield><datafield ind1=" " ind2=" " tag="260"><subfield code="a">Detroit, Mich. :</subfield><subfield code="b">Rev. L.H. Trowbridge</subfield></datafield><datafield ind1=" " ind2=" " tag="300"><subfield code="a">v.</subfield></datafield><datafield ind1=" " ind2=" " tag="310"><subfield code="a">Weekly</subfield></datafield><datafield ind1="0" ind2=" " tag="362"><subfield code="a">Vol. 5, no. 1 (Jan. 4, 1877) = old ser., v. 8-v. 33, no. 11 (Mar. 13, 1902).</subfield></datafield><datafield ind1=" " ind2=" " tag="500"><subfield code="a">"Michigan" appears above masthead ornament Jan. 4, 1877-Dec. 31, 1885.</subfield></datafield><datafield ind1=" " ind2=" " tag="500"><subfield code="a">Some issues called: A Wide-Awake Baptist Newspaper.</subfield></datafield><datafield ind1=" " ind2=" " tag="515"><subfield code="a">Vol. 14-16 omitted from numbering.</subfield></datafield><datafield ind1=" " ind2=" " tag="515"><subfield code="a">Issue called: Thanksgiving Extra, Number 1891.</subfield></datafield><datafield ind1=" " ind2=" " tag="525"><subfield code="a">Some issues accompanied by supplements.</subfield></datafield><datafield ind1=" " ind2=" " tag="530"><subfield code="a">Also issued on microfilm by American Theological Library Association.</subfield></datafield><datafield ind1=" " ind2=" " tag="580"><subfield code="a">Name changed from Herald and torchlight to reflect the revival of the Michigan Christian herald.</subfield></datafield><datafield ind1=" " ind2="0" tag="650"><subfield code="a">Baptists</subfield><subfield code="z">Michigan</subfield><subfield code="v">Newspapers.</subfield></datafield><datafield ind1=" " ind2="0" tag="651"><subfield code="a">Detroit (Mich.)</subfield><subfield code="v">Newspapers.</subfield></datafield><datafield ind1=" " ind2="0" tag="651"><subfield code="a">Wayne County (Mich.)</subfield><subfield code="v">Newspapers.</subfield></datafield><datafield ind1=" " ind2="7" tag="655"><subfield code="a">Newspapers.</subfield><subfield code="2">fast</subfield><subfield code="0">(OCoLC)fst01423814</subfield></datafield><datafield ind1=" " ind2="7" tag="650"><subfield code="a">Baptists.</subfield><subfield code="2">fast</subfield><subfield code="0">(OCoLC)fst00827285</subfield></datafield><datafield ind1=" " ind2="7" tag="651"><subfield code="a">Michigan.</subfield><subfield code="2">fast</subfield><subfield code="0">(OCoLC)fst01208387</subfield></datafield><datafield ind1=" " ind2="7" tag="651"><subfield code="a">Michigan</subfield><subfield code="z">Detroit.</subfield><subfield code="2">fast</subfield><subfield code="0">(OCoLC)fst01205010</subfield></datafield><datafield ind1=" " ind2="7" tag="651"><subfield code="a">Michigan</subfield><subfield code="z">Wayne County.</subfield><subfield code="2">fast</subfield><subfield code="0">(OCoLC)fst01206628</subfield></datafield><datafield ind1=" " ind2=" " tag="752"><subfield code="a">United States</subfield><subfield code="b">Michigan</subfield><subfield code="c">Wayne</subfield><subfield code="d">Detroit.</subfield></datafield><datafield ind1="1" ind2=" " tag="776"><subfield code="c">Microfilm</subfield><subfield code="d">American Theological Library Association</subfield><subfield code="w">(DLC)  2003221088</subfield><subfield code="w">(OCoLC)52762360</subfield></datafield><datafield ind1="1" ind2="0" tag="780"><subfield code="t">Herald and torchlight</subfield><subfield code="w">(DLC)sn 98066279</subfield><subfield code="w">(OCoLC)39064437</subfield></datafield><datafield ind1="0" ind2="0" tag="785"><subfield code="t">Michigan Christian herald (Detroit, Mich. : 1902)</subfield><subfield code="w">(DLC)sn 98066405</subfield><subfield code="w">(OCoLC)11434975</subfield></datafield><datafield ind1=" " ind2=" " tag="938"><subfield code="a">Kirtas Technologies, Inc.</subfield><subfield code="b">KRTS</subfield><subfield code="n">740170</subfield></datafield></record>